
@article{redmon2016you,
  title={You only look once: Unified, real-time object detection},
  author={Redmon, Joseph and Divvala, Santosh and Girshick, Ross and Farhadi, Ali},
  journal={Proceedings of the IEEE conference on computer vision and pattern recognition},
  year={2016}
}

@INPROCEEDINGS{10706275,
  author={Bavirisetti, Durga Prasad and Kiss, Gabriel Hanssen and Lindseth, Frank},
  booktitle={2024 27th International Conference on Information Fusion (FUSION)}, 
  title={A Pole Detection and Geospatial Localization Framework using LiDAR-GNSS Data Fusion}, 
  year={2024},
  volume={},
  number={},
  pages={1-8},
  keywords={Location awareness;Global navigation satellite system;Laser radar;Navigation;Roads;Geology;Spatial databases;Real-time systems;Smart transportation;Spatial resolution;autonomous vehicles;LiDAR;GNSS;sensor fusion;geolocalization;offset compensation},
  doi={10.23919/FUSION59988.2024.10706275}}


@article{bochkovskiy2020yolov4,
  title={YOLOv4: Optimal Speed and Accuracy of Object Detection},
  author={Bochkovskiy, Alexey and Wang, Chun-Yao and Liao, Hong-Yuan Mark},
  journal={arXiv preprint arXiv:2004.10934},
  year={2020}
}

@article{ren2015faster,
  title={Faster R-CNN: Towards Real-Time Object Detection with Region Proposal Networks},
  author={Ren, Shaoqing and He, Kaiming and Girshick, Ross and Sun, Jian},
  journal={Advances in neural information processing systems},
  year={2015}
}

@article{gandor2022first,
  title={First gradually, then suddenly: understanding the impact of image compression on object detection using deep learning},
  author={Gandor, Tomasz and Nalepa, Janusz},
  journal={Sensors},
  volume={22},
  number={3},
  pages={1104},
  year={2022},
  publisher={MDPI}
}

@article{yolov7,
  title={YOLOv7: Trainable bag-of-freebies sets new state-of-the-art for real-time object detectors},
  author={Wang, Chien-Yao and Bochkovskiy, Alexey and Liao, Hong-Yuan Mark},
  journal={arXiv preprint arXiv:2207.02696},
  year={2022}
}

@inproceedings{overfit,
  title={Model Complexity and Overfitting in Object Detection},
  author={He, Kaiming and others},
  booktitle={Proceedings of the IEEE/CVF Conference on Computer Vision and Pattern Recognition},
  pages={11234--11243},
  year={2023}
}

@article{modality,
  title={Multi-Modal Object Detection in Adverse Conditions},
  author={Uhrig, Jonas and others},
  journal={IEEE Transactions on Intelligent Transportation Systems},
  volume={24},
  number={3},
  year={2024}
}

@misc{detectron2_model_zoo,
  title={Detectron2 Model Zoo and Baselines},
  author={{Facebook AI Research}},
  year={2019},
  howpublished={\url{https://github.com/facebookresearch/detectron2/blob/master/MODEL_ZOO.md}},
  note={Accessed on March 7, 2025}
}

